@article{butterworth2017constraining,
	title={Constraining new physics with collider measurements of Standard Model signatures},
	author={Butterworth, Jonathan M and Grellscheid, David and Kr{\"a}mer, Michael and others},
	journal={Journal of High Energy Physics},
	volume={2017},
	number={3},
	pages={1--24},
	year={2017},
	publisher={Springer}
}

@article{Bierlich_2020,
	doi = {10.21468/scipostphys.8.2.026},
	year = 2020,
	month = {feb},
	
	publisher = {Stichting {SciPost}
	},
	
	volume = {8},
	
	number = {2},
	
	author = {Christian Bierlich and Andy Buckley and Jonathan Butterworth and others},
	
	title = {Robust Independent Validation of Experiment and Theory: Rivet version 3},
	
	journal = {{SciPost} Physics}
}

@Article{Hunter:2007,
	Author    = {Hunter, J. D.},
	Title     = {Matplotlib: A 2D graphics environment},
	Journal   = {Computing in Science \& Engineering},
	Volume    = {9},
	Number    = {3},
	Pages     = {90--95},
	abstract  = {Matplotlib is a 2D graphics package used for Python for
	application development, interactive scripting, and publication-quality
	image generation across user interfaces and operating systems.},
	publisher = {IEEE COMPUTER SOC},
	doi       = {10.1109/MCSE.2007.55},
	year      = 2007
}

@misc{YODA,
	title = {YODA â€” Yet more Objects for Data Analysis},
	author = {Hepforge},
	howpublished = {\url{https://yoda.hepforge.org/}},
	year = {2021},
	note = {Accessed: February 12, 2023}
}